@Article{albre:roed:2010,
  author = 	 {Albretsen, J. and L. P. R{\o}ed},
  title = 	 {Decadal long simulations of mesoscale structures in the {N}orth {S}ea/{S}kagerrak using two ocean models},
  journal = 	 {Ocean Dynamics},
  year = 	 {2010},
  volume = 	 {60},
  pages = 	 {5-36},
  doi =          {10.1007/s10236-010-0296-0},
}

@TechReport{albre:etal:2011,
  author = 	 {Albretsen, J. and A. K. Sperrevik and A. Staalstr{\o}m and A. D. Sandvik and F. Vikeb{\o} and L. C. Asplin},
  title = 	 {NorKyst-800 {R}eport {N}o. 1: {U}ser manual and technical descriptions},
  institution =  {Institute of Marine Research, Pb. 1870 Nordnes, N-5817 Bergen, Norway},
  year = 	 {2011},
  number = 	 {Fisken og Havet 2/2011},
  pages =        {37pp},
}


@book{baalsrud:2002,
  title= {Indre Oslofjord (in Norwegian)},
  author = {Baalsrud, K. and J. Magnusson},
  year = {2002},
  publisher = {Fagr{\aa}det for Indre Oslofjord}
}

@TechReport{baals90,
  title={The state of eutrophication in the outer Oslofjord 1989 [in Norwegian]},
  author={Baalsrud, K and Magnusson, J},
  institution =  {Norwegian Institute for Water Research},
  year={1990},
  pages =    {116pp}
}  

@article{beldr:etal:2003,
  title =	{Estimation of parameters in a distributed precipitation-runoff model for Norway},
  author =	{Beldring, S. and K. Engeland and L. A. Roald and N. R. S{\ae}lthun and A. Voks{\o}},
  journal =	{Hydrology and Earth System Sciences Discussions},
  volume =	{7},
  number =	{3},
  pages =	{304--316},
  year =	{2003}
}

@Article{bernt:thiem:2007,
  author =	{Berntsen, J. and {\O}. Thiem},
  title =	{Estimating the internal pressure gradient errors in a sigma-coordinate ocean model for the {N}ordic {S}eas},
  journal =	{Ocean Dynamics},
  year =	{2007},
  volume =	{57},
  pages =	{417-429},
  doi = 	{10.1007/s10236-007-0118-1}
}

@article{egber:erofe:2002,
  author =       {Egbert, G. D. and S. Y. Erofeeva},
  title =        {Efficient Inverse Modeling of Barotropic Ocean Tides},
  journal =      {J. Atmos. Oceanic Tech.},
  volume =       {19},
  number =       {2},
  pages =        {183-204},
  year =         {2002},
  doi =          {10.1175/1520-0426(2002)019<0183:EIMOBO>2.0.CO;2},
}

@Article{haidv:etal:2008,
 author =        {Haidvogel, D. B. and H. Arango and P. W. Budgell and B. D. Cornuelle and E. Curchitser and E. Di Lorenzo and K. Fennel and W. R. Geyer and A. J. Hermann and L. Lanerolle and J. Levin and J. C. McWilliams and A. J. Miller and A. M. Moore and T. M. Powell and A. F. Shchepetkin and C. R. Sherwood and R. P. Signell and J. C. Warner and J. Wilkin},
 title =         {Ocean forecasting in terrain-following coordinates: Formulation and skill assessment of the {R}egional {O}cean {M}odeling {S}ystem},
 journal =       {J. Comput. Phys.},
 volume =        {227},
 number =        {7},
 year =          {2008},
 issn =          {0021-9991},
 pages =         {3595-3624},
 doi = {http://dx.doi.org/10.1016/j.jcp.2007.06.016},
 publisher =     {Academic Press Professional, Inc.},
 address =       {San Diego, CA, USA},
}

@Article{haney:1991,
  author =	{Haney, R. L.},
  title =	{On the pressure gradient force over steep topography in sigma coordinate ocean models},
  journal =	{J. Phys. Oceanogr.},
  year =	{1991},
  volume =	{21},
  pages =	{610-619}, 
}	

@TechReport{hjelm:etal:2016,
  author = 	{Hjelmervik, K. B. and N. M. Kristensen and A. Staalstr{\o}m},
  title = 	{Comparison of simulations and observations in the {O}slofjord. {F}jord{O}s technical report no. 3},
  institution = {Norwegian Meteorological Institute},
  year = 	{2016},
  type = 	{MET Report},
  number =  {13},
  address = 	{MET Norway, P.O.Box 43 Blindern, NO-0313 Oslo, Norway},
}

@article{hjelm:etal:2017,
  title={A simple approach to adjust tidal forcing in fjord models},
  author={Hjelmervik, Karina and Kristensen, Nils Melsom and Staalstr{\o}m, Andr{\'e} and R{\o}ed, Lars Petter},
  journal={Ocean Dynamics},
  year = {2017},
  pages={1--10},
  publisher={Springer}
}

@article{klinck81,
  title={A simple model of fjord and coastal circulation interaction},
  author={Klinck, John M and O'Brien, James J and Svendsen, Harald},
  journal={Journal of Physical Oceanography},
  volume={11},
  number={12},
  pages={1612--1626},
  year={1981}
}

@Article{mulle:etal:2017,
  author	= {M{\"u}ller, M. and M. Homleid and K.-I. Ivarsson and M. A. K{\o}ltzow and M. Lindskog and U. Andrae and T. Aspelien and D. Bj{\o}rge and P. Dahlgren and J. Kristiansen and R. Randriamampianina and M. Ridal and O. Vignes},
  title		= {{AROME}-{M}et{C}o{O}p: {A} {N}ordic convective-scale operational weather prediction model},
  journal	= {Weather and Forecasting},
  volume	= {32},
  year		= {2017},
  pages		= {609-627},
  doi		= {DOI: http://dx.doi.org/10.1175/WAF-D-16-0099.1},
}

@Article{pavlo:etal:2002,
  author =	{Pawlowicz, R. and B. Beardsley and S. Lentz}, 
  title =	{Classical tidal harmonic analysis including error estimates in {MATLAB} using {T{\_}TIDE}}, 
  year =	{2002}, 
  journal =	{Computers and Geosciences}, 
  volume =	{28}, 
  number =	{8},
  pages =	{929-937},
  publisher =	{Elsevier},
}

@article{rodhe96,
  title={On the dynamics of the large-scale circulation of the {S}kagerrak},
  author={Rodhe, Johan},
  journal={Journal of Sea Research},
  volume={35},
  number={1},
  pages={9--21},
  year={1996},
  publisher={Elsevier}
}

@Article{roed:fossu:2004,
  author = 	 {R{\o}ed, L. P. and I. Fossum},
  title = 	 {Mean and eddy motion in the {S}kagerrak/northern {N}orth {S}ea: insight from a numerical model},
  journal = 	 {Ocean Dynamics},
  year = 	 {2004},
  volume = 	 {54},
  pages = 	 {197-220},
}

@TechReport{roed:etal:2016,
  author = 	{R{\o}ed, L. P. and N. M. Kristensen and K. B. Hjelmervik and A. Staalstr{\o}m},
  title = 	{A high-resolution, curvilinear {ROMS} model for the {O}slofjord. {F}jord{O}s technical report no. 2},
  institution = {Norwegian Meteorological Institute},
  year = 	{2016},
  type = 	{MET Report},
  number = 	{4},
  address = 	{MET Norway, P.O.Box 43 Blindern, NO-0313 Oslo, Norway},
}

@Article{staal:roed:2016,
  author =	{Staalstr{\o}m, A. and L. P. R{\o}ed},
  title =	{Vertical mixing and internal wave energy fluxes in a sill fjord},
  journal =	{Journal of Marine Systems},
  year =	{2016},
  volume =	{159},
  pages =	{15-32},
  doi =		{10.1016/j.marsys.2016.02.005},
}

@Article{staal:etal:2012,
  author =   {Staalstr{\o}m, A. and E. Aas and B. Liljebladh},
  title = 	 {Propagation and dissipation of internal tides in the {O}slofjord},
  journal =  {Ocean Science},
  year = 	 {2012},
  volume = 	 {8},
  pages = 	 {525-543},
}

@Article {shche:mcwil:2003,
  AUTHOR =       {Shchepetkin, A. F. and J. C. McWilliams},
  TITLE =        {A method for computing horizontal pressure-gradient force in an oceanic model with a nonaligned vertical coordinate}, 
  JOURNAL =      {J. Geophys. Res.},
  VOLUME =       {108},
  PAGES =        {1-34},
  YEAR =         {2003},
  eid =          {3090},
  doi =          {10.1029/2001JC001047},
}

@Article{shche:mcwil:2005,
  author = 	 {Shchepetkin, A. F. and J. C. McWilliams},
  title = 	 {The {R}egional {O}cean {M}odeling {S}ystem ({ROMS}): 
                  A split-explicit, free-surface, topography-following coordinate ocean model},
  journal = 	 {Ocean Modelling},
  year = 	 {2005},
  volume = 	 {9},
  pages = 	 {347-404},
} 

@article{shche:mcwil:2009,
  author =       {Shchepetkin, A. F. and J. C. McWilliams},
  title =        {Correction and commentary for "{O}cean forecasting in terrain-following coordinates: Formulation and skill assessment of the regional ocean modeling system" by {H}aidvogel et al., {J}. {C}omp. {P}hys. 227, pp. 3595-3624},
  journal =      {J. Comp. Phys.},
  year =         {2009},
  volume =       {228},
  number =       {24},
  pages =        {8985 - 9000},
  issn =         {0021-9991},
  doi =          {10.1016/j.jcp.2009.09.002},
}

@TechReport{staalstrom:2015,
  title={Current conditions in the Oslofjord - Focus on current strength along the bottom},
  author={Staalstr{\o}m, Andr{\'e} and Ghaffari, Peygham},
  institution = {Norwegian Institute for Water Research},
  year={2015},
  type = 	 {Technical Report },
  number = 	 {SNO 6799-2015},
  address = 	 {NIVA, Gaustadalléen 21, NO-0349 Oslo, Norway},
}

@Article{staalstrom:2017,
  author = 	{Staalstr{\o}m, A. and K.B. Hjelmervik},
  title =	{Strømforholdene i innløpet til {D}rammensfjorden (in {N}orwegian)},
  journal = {Vann}, 
  volume =	{1},
  number = {52}, 
  pages =	{104--115}, 
  year =	{2017},
}

@article{svendsen96,
  title={Model simulation of the {S}kagerrak circulation and hydrography during {SKAGEX}},
  author={Svendsen, Einar and Berntsen, Jarle and Skogen, Morten and {\AA}dlandsvik, Bj{\o}rn and Martinsen, Eivind},
  journal={Journal of Marine Systems},
  volume={8},
  number={3},
  pages={219--236},
  year={1996},
  publisher={Elsevier}
}

@article{liu:2011,
  title={Evaluation of trajectory modeling in different dynamic regions using normalized cumulative Lagrangian separation},
  author={Liu, Yonggang and Weisberg, Robert H},
  journal={Journal of Geophysical Research: Oceans},
  volume={116},
  number={C9},
  year={2011},
  publisher={Wiley Online Library}
}

